
@article{Dijkstra,
	Author = {Haroon Altarawneh},
	Journal = {International Journal of Computer Applications (0975 â€“ 8887)},
	Pages = {2},
	Title = {A Comparison of Several Greatest Common Divisor (GCD) Algorithms},
	}

@comment{

Los que siguen son ejemplos de libros.

}

@book{Handk,
	Author = {Menezes, Oorschot, Vanstone},
	Publisher = {CRC Press, New York},
	Title = {Handbook of Applied Cryptography},
	Year = 2001}